@inproceedings{trespuntos,
 author = {Karsten Ottenberg Bert M. Haralick, Chung-Nan Lee and Michael Nölle},
 title = {Review and analysis of solutions of the three point perspective pose estimation problem},
 year = {1994},
 publisher = {International journal of computer vision},

}
@inproceedings{cuatropuntos,
 author = {Olivier Leboulleux Radu Horaud, Bernard Conio and Bernard Lacolle},
 title = {An analytic solution for the perspective 4-point problem},
 year = {1989},
 publisher = {Computer Vision, Graphics, and Image Processing},

}

@inproceedings{odometriavisual,
 author = {leg Naroditsky David Nistér and James Bergen},
 title = {Visual odometry},
 year = {2004},
 publisher = {Computer Vision and Patter Recognition},

}

@inbook{cincopuntos,
title = "A Direct Least-Squares (DLS) method for PnP",
author = "Hesch, {Joel A.} and Roumeliotis, {Stergios I.}",
year = "2011",
isbn = "9781457711015",
pages = "383--390",
booktitle = "Proceedings of the IEEE International Conference on Computer Vision",

}



@InProceedings{klein07parallel,
  author =	 {Georg Klein and David Murray},
  title =	 {Parallel Tracking and Mapping for Small {AR} Workspaces},
  booktitle =	 {Proc. Sixth {IEEE} and {ACM} International Symposium
                  on Mixed and Augmented Reality {(ISMAR'07)}},
  year =	 2007,
  month =	 {November},
  address =	 {Nara, Japan}
}
@ARTICLE{Davison07monoslam:real-time,
    author = {Andrew J. Davison and Ian D. Reid and Nicholas D. Molton and Olivier Stasse},
    title = {MonoSLAM: Real-time single camera SLAM},
    journal = {IEEE Trans. Pattern Analysis and Machine Intelligence},
    year = {2007},
    volume = {29},
    pages = {2007}
}
@inproceedings{Rosten:2006,
 author = {Rosten, Edward and Drummond, Tom},
 title = {Machine Learning for High-speed Corner Detection},
 booktitle = {Proceedings of the 9th European Conference on Computer Vision - Volume Part I},
 series = {ECCV'06},
 year = {2006},
 isbn = {3-540-33832-2, 978-3-540-33832-1},
 location = {Graz, Austria},
 pages = {430--443},
 numpages = {14},
 doi = {10.1007/11744023_34},
 acmid = {2094478},
 publisher = {Springer-Verlag},
 address = {Berlin, Heidelberg},
} 
@inproceedings{Gauss-Newton,
author = {Carl T. Kelley},
title = {Iterative methods for optimization},
year = {1999}
journal = {SIAM}
}

@inproceedings{DTAM,
 author = {Newcombe, Richard A. and Lovegrove, Steven J. and Davison, Andrew J.},
 title = {DTAM: Dense Tracking and Mapping in Real-time},
 booktitle = {Proceedings of the 2011 International Conference on Computer Vision},
 series = {ICCV '11},
 year = {2011},
 isbn = {978-1-4577-1101-5},
 pages = {2320--2327},
 numpages = {8},
 doi = {10.1109/ICCV.2011.6126513},
 acmid = {2356447},
 publisher = {IEEE Computer Society},
 address = {Washington, DC, USA},
} 
@article{ORB-SLAM,
      author        = "Mur-Artal, R. and Montiel, J.M.M. and Tardos, J.D.",
      title         = "{ORB-SLAM: A Versatile and Accurate Monocular SLAM
                       System}",
      year          = "2015",
}
@inproceedings{ORB-descriptor,
 author = {Rublee, Ethan and Rabaud, Vincent and Konolige, Kurt and Bradski, Gary},
 title = {ORB: An Efficient Alternative to SIFT or SURF},
 booktitle = {Proceedings of the 2011 International Conference on Computer Vision},
 series = {ICCV '11},
 year = {2011},
 isbn = {978-1-4577-1101-5},
 pages = {2564--2571},
 numpages = {8},
 doi = {10.1109/ICCV.2011.6126544},
 acmid = {2356268},
 publisher = {IEEE Computer Society},
 address = {Washington, DC, USA},
}

@inproceedings{bolsa,
author = {Dorian Gálvez-López and Juan D. Tardos},
title = {Bags of binary words for fast place recognition in image sequences},
year = {2012}
pages = {1158-1197}
publisher = {IEEE Transactions on Robotics}

@article{Fischler,
 author = {Fischler, Martin A. and Bolles, Robert C.},
 title = {Random Sample Consensus: A Paradigm for Model Fitting with Applications to Image Analysis and Automated Cartography},
 journal = {Commun. ACM},
 issue_date = {June 1981},
 volume = {24},
 number = {6},
 month = jun,
 year = {1981},
 issn = {0001-0782},
 pages = {381--395},
 numpages = {15},
 url = {http://doi.acm.org/10.1145/358669.358692},
 doi = {10.1145/358669.358692},
 acmid = {358692},
 publisher = {ACM},
 address = {New York, NY, USA},
 keywords = {automated cartography, camera calibration, image matching, location determination, model fitting, scene analysis},
} 
